[gd_scene load_steps=26 format=2]

[ext_resource path="res://Scenes/Player/Player_Movement.gd" type="Script" id=1]
[ext_resource path="res://Scenes/Player/new_arraymesh.tres" type="ArrayMesh" id=2]
[ext_resource path="res://Scenes/Player/Player_Sounds.gd" type="Script" id=3]
[ext_resource path="res://Sounds/Jumping/Jumping 1.wav" type="AudioStream" id=4]
[ext_resource path="res://Sounds/Jumping/Jumping 2.wav" type="AudioStream" id=5]
[ext_resource path="res://Sounds/Jumping/Jumping 3.wav" type="AudioStream" id=6]
[ext_resource path="res://Sounds/Hurt/Nicho Hurt 1.wav" type="AudioStream" id=7]
[ext_resource path="res://Sounds/Hurt/Nicho Hurt 2.wav" type="AudioStream" id=8]
[ext_resource path="res://Sounds/Hurt/Nicho Hurt 3.wav" type="AudioStream" id=9]
[ext_resource path="res://Sounds/Walking/Footsteps metal floor sfx 1.wav" type="AudioStream" id=10]
[ext_resource path="res://Sounds/Walking/Footsteps metal floor sfx 2.wav" type="AudioStream" id=11]
[ext_resource path="res://Sounds/Walking/Footsteps metal floor sfx 3.wav" type="AudioStream" id=12]
[ext_resource path="res://Sounds/Walking/Footsteps metal floor sfx 4.wav" type="AudioStream" id=13]
[ext_resource path="res://Sounds/Walking/Footsteps metal floor sfx 5.wav" type="AudioStream" id=14]
[ext_resource path="res://Sounds/Walking/Footsteps metal floor sfx 6.wav" type="AudioStream" id=15]
[ext_resource path="res://Sounds/Walking/Footsteps metal floor sfx 7.wav" type="AudioStream" id=16]
[ext_resource path="res://Sounds/Walking/Footsteps metal floor sfx 8.wav" type="AudioStream" id=17]
[ext_resource path="res://Sounds/Walking/Footsteps metal floor sfx 9.wav" type="AudioStream" id=18]
[ext_resource path="res://Sounds/Walking/Footsteps metal floor sfx 10.wav" type="AudioStream" id=19]
[ext_resource path="res://Sounds/Walking/Footsteps metal floor sfx 11.wav" type="AudioStream" id=20]
[ext_resource path="res://Sounds/Walking/Footsteps metal floor sfx 12.wav" type="AudioStream" id=21]
[ext_resource path="res://Sounds/Teleporting/Teleporting 11 bassy reverb 2.wav" type="AudioStream" id=22]
[ext_resource path="res://Sounds/Teleporting/Teleporting 11 bassy reverb 3.wav" type="AudioStream" id=23]
[ext_resource path="res://Scenes/Player/Camera_Follow.gd" type="Script" id=24]

[sub_resource type="BoxShape" id=1]
extents = Vector3( 0.5, 1.6, 0.3 )

[node name="Player" type="KinematicBody" groups=[
"Player",
]]
collision_layer = 23
collision_mask = 23
script = ExtResource( 1 )
JUMP_SPEED = 11

[node name="PlayerCollision" type="CollisionShape" parent="."]
transform = Transform( 1, 0, 0, 0, 1, 0, 0, 0, 1, 0, 1.6, 0 )
shape = SubResource( 1 )

[node name="MeshInstance" type="MeshInstance" parent="."]
transform = Transform( 0.2, 0, 0, 0, 0.2, 0, 0, 0, 0.2, 0, 0, 0 )
mesh = ExtResource( 2 )
material/0 = null

[node name="Control" type="Control" parent="."]
editor/display_folded = true
anchor_left = 1.0
anchor_top = 1.0
anchor_right = 1.0
anchor_bottom = 1.0
margin_left = -184.0
margin_top = -80.0
margin_right = -144.0
margin_bottom = -40.0001

[node name="Label" type="Label" parent="Control"]
margin_right = 168.0
margin_bottom = 48.0
text = "WASD :To Move
Space :Jump
Left Click :Dimension Shift
Space/Shift :Ladder"
align = 2

[node name="SpotLight" type="SpotLight" parent="."]
transform = Transform( 1, 0, 0, 0, -0.766044, 0.642788, 0, -0.642788, -0.766044, 0, 2.682, 0.547521 )
light_energy = 3.0
shadow_enabled = true
spot_range = 72.0
spot_attenuation = 5.46416
spot_angle = 44.0
spot_angle_attenuation = 0.499999

[node name="Sounds" type="Spatial" parent="."]
editor/display_folded = true
transform = Transform( 1, 0, 0, 0, 1, 0, 0, 0, 1, 0, 2.86977, -0.597345 )
script = ExtResource( 3 )

[node name="Jump_1" type="AudioStreamPlayer3D" parent="Sounds"]
stream = ExtResource( 4 )
unit_size = 5.0

[node name="Jump_2" type="AudioStreamPlayer3D" parent="Sounds"]
stream = ExtResource( 5 )
unit_size = 5.0

[node name="Jump_3" type="AudioStreamPlayer3D" parent="Sounds"]
stream = ExtResource( 6 )
unit_size = 5.0

[node name="Hurt_1" type="AudioStreamPlayer3D" parent="Sounds"]
stream = ExtResource( 7 )
unit_size = 5.0

[node name="Hurt_2" type="AudioStreamPlayer3D" parent="Sounds"]
stream = ExtResource( 8 )
unit_size = 5.0

[node name="Hurt_3" type="AudioStreamPlayer3D" parent="Sounds"]
stream = ExtResource( 9 )
unit_size = 5.0

[node name="Footstep_Metal_1" type="AudioStreamPlayer3D" parent="Sounds"]
stream = ExtResource( 10 )

[node name="Footstep_Metal_2" type="AudioStreamPlayer3D" parent="Sounds"]
stream = ExtResource( 11 )

[node name="Footstep_Metal_3" type="AudioStreamPlayer3D" parent="Sounds"]
stream = ExtResource( 12 )

[node name="Footstep_Metal_4" type="AudioStreamPlayer3D" parent="Sounds"]
stream = ExtResource( 13 )

[node name="Footstep_Metal_5" type="AudioStreamPlayer3D" parent="Sounds"]
stream = ExtResource( 14 )

[node name="Footstep_Metal_6" type="AudioStreamPlayer3D" parent="Sounds"]
stream = ExtResource( 15 )

[node name="Footstep_Metal_7" type="AudioStreamPlayer3D" parent="Sounds"]
stream = ExtResource( 16 )

[node name="Footstep_Metal_8" type="AudioStreamPlayer3D" parent="Sounds"]
stream = ExtResource( 17 )

[node name="Footstep_Metal_9" type="AudioStreamPlayer3D" parent="Sounds"]
stream = ExtResource( 18 )

[node name="Footstep_Metal_10" type="AudioStreamPlayer3D" parent="Sounds"]
stream = ExtResource( 19 )

[node name="Footstep_Metal_11" type="AudioStreamPlayer3D" parent="Sounds"]
stream = ExtResource( 20 )

[node name="Footstep_Metal_12" type="AudioStreamPlayer3D" parent="Sounds"]
stream = ExtResource( 21 )

[node name="Teleport_1" type="AudioStreamPlayer3D" parent="Sounds"]
stream = ExtResource( 22 )
unit_size = 5.0
max_db = 5.0

[node name="Teleport_2" type="AudioStreamPlayer3D" parent="Sounds"]
stream = ExtResource( 23 )
unit_size = 5.0
max_db = 5.0

[node name="Footstep_Timer" type="Timer" parent="."]
wait_time = 0.4

[node name="Target" type="Spatial" parent="."]
transform = Transform( 1, 0, 0, 0, 1, 0, 0, 0, 1, 0, 2.88647, 0 )

[node name="Camera" type="Camera" parent="Target"]
transform = Transform( -1, 1.77636e-014, -8.74228e-008, -3.26405e-008, 0.927685, 0.373364, 8.11008e-008, 0.373364, -0.927685, 0.0163894, 1.42175, -3.84477 )
current = true
script = ExtResource( 24 )
[connection signal="dead" from="." to="Sounds" method="_on_Player_dead"]
[connection signal="jump" from="." to="Sounds" method="_on_Player_jump"]
[connection signal="moving" from="." to="Sounds" method="_on_Player_moving"]
[connection signal="timeout" from="Footstep_Timer" to="Sounds" method="_on_Footstep_Timer_timeout"]
