[gd_scene load_steps=8 format=2]

[ext_resource path="res://Scenes/Wall_Building_Pieces/Wall_Piece_1.tscn" type="PackedScene" id=1]
[ext_resource path="res://Scenes/Wall_Building_Pieces/Wall_Piece_2.tscn" type="PackedScene" id=2]
[ext_resource path="res://Scenes/Tile_Flooring/Floor_Tile_4x4.tscn" type="PackedScene" id=3]
[ext_resource path="res://Scenes/Tile_Flooring/Floor_Tile_1x4.tscn" type="PackedScene" id=4]
[ext_resource path="res://Scenes/Tile_Flooring/Floor_Tile_1x1.tscn" type="PackedScene" id=5]

[sub_resource type="CubeMesh" id=1]

[sub_resource type="ConvexPolygonShape" id=2]
points = PoolVector3Array( -1, 1, 1, 1, 1, -1, 1, 1, 1, -1, 1, -1, -1, -1, 1, 1, -1, -1, 1, -1, 1, -1, -1, -1, 1, 1, 1, -1, 1, -1, 1, 1, -1, -1, 1, 1, 1, -1, 1, -1, -1, -1, 1, -1, -1, -1, -1, 1, 1, 1, 1, -1, -1, 1, -1, 1, 1, 1, -1, 1, 1, 1, -1, -1, -1, -1, -1, 1, -1, 1, -1, -1 )

[node name="Level_3_Layout" type="Spatial"]

[node name="Floor" type="MeshInstance" parent="."]
editor/display_folded = true
transform = Transform( 15, 0, 0, 0, 0.2, 0, 0, 0, 15, 0, 0, 0 )
visible = false
mesh = SubResource( 1 )
material/0 = null

[node name="StaticBody" type="StaticBody" parent="Floor"]

[node name="CollisionShape" type="CollisionShape" parent="Floor/StaticBody"]
shape = SubResource( 2 )

[node name="Wall1" type="Spatial" parent="."]
editor/display_folded = true

[node name="Wall_Piece_1" parent="Wall1" instance=ExtResource( 1 )]
transform = Transform( -4.37114e-008, 0, 1, 0, 1, 0, -1, 0, -4.37114e-008, 9.94313, 0.545594, -15.4945 )

[node name="Wall_Piece_4" parent="Wall1" instance=ExtResource( 1 )]
transform = Transform( -4.37114e-008, 0, 1, 0, 1, 0, -1, 0, -4.37114e-008, 3.72075, 0.545594, -15.4945 )

[node name="Wall_Piece_5" parent="Wall1" instance=ExtResource( 1 )]
transform = Transform( -4.37114e-008, 0, 1, 0, 1, 0, -1, 0, -4.37114e-008, -2.5008, 0.545594, -15.4945 )

[node name="Wall_Piece_7" parent="Wall1" instance=ExtResource( 1 )]
transform = Transform( -4.37114e-008, 0, 1, 0, 1, 0, -1, 0, -4.37114e-008, -8.72524, 0.545594, -15.4945 )

[node name="Wall_Piece_2" parent="Wall1" instance=ExtResource( 2 )]
transform = Transform( -4.37114e-008, 0, 1, 0, 1, 0, -1, 0, -4.37114e-008, 12.0161, 0.545594, -15.4945 )

[node name="Wall_Piece_3" parent="Wall1" instance=ExtResource( 2 )]
transform = Transform( -4.37114e-008, 0, 1, 0, 1, 0, -1, 0, -4.37114e-008, 5.7937, 0.545594, -15.4945 )

[node name="Wall_Piece_6" parent="Wall1" instance=ExtResource( 2 )]
transform = Transform( -4.37114e-008, 0, 1, 0, 1, 0, -1, 0, -4.37114e-008, -0.427845, 0.545594, -15.4945 )

[node name="Wall_Piece_8" parent="Wall1" instance=ExtResource( 2 )]
transform = Transform( -4.37114e-008, 0, 1, 0, 1, 0, -1, 0, -4.37114e-008, -6.65229, 0.545594, -15.4945 )

[node name="Wall_Piece_9" parent="Wall1" instance=ExtResource( 2 )]
transform = Transform( -4.37114e-008, 0, 1, 0, 1, 0, -1, 0, -4.37114e-008, -12.876, 0.545594, -15.4945 )

[node name="Wall5" type="Spatial" parent="."]
editor/display_folded = true
transform = Transform( 1, 0, 0, 0, 1, 0, 0, 0, 1, 0, 7.51932, 0 )

[node name="Wall_Piece_1" parent="Wall5" instance=ExtResource( 1 )]
transform = Transform( -4.37114e-008, 0, 1, 0, 1, 0, -1, 0, -4.37114e-008, 9.94313, 0.545594, -15.4945 )

[node name="Wall_Piece_4" parent="Wall5" instance=ExtResource( 1 )]
transform = Transform( -4.37114e-008, 0, 1, 0, 1, 0, -1, 0, -4.37114e-008, 3.72075, 0.545594, -15.4945 )

[node name="Wall_Piece_5" parent="Wall5" instance=ExtResource( 1 )]
transform = Transform( -4.37114e-008, 0, 1, 0, 1, 0, -1, 0, -4.37114e-008, -2.5008, 0.545594, -15.4945 )

[node name="Wall_Piece_7" parent="Wall5" instance=ExtResource( 1 )]
transform = Transform( -4.37114e-008, 0, 1, 0, 1, 0, -1, 0, -4.37114e-008, -8.72524, 0.545594, -15.4945 )

[node name="Wall_Piece_2" parent="Wall5" instance=ExtResource( 2 )]
transform = Transform( -4.37114e-008, 0, 1, 0, 1, 0, -1, 0, -4.37114e-008, 12.0161, 0.545594, -15.4945 )

[node name="Wall_Piece_3" parent="Wall5" instance=ExtResource( 2 )]
transform = Transform( -4.37114e-008, 0, 1, 0, 1, 0, -1, 0, -4.37114e-008, 5.7937, 0.545594, -15.4945 )

[node name="Wall_Piece_6" parent="Wall5" instance=ExtResource( 2 )]
transform = Transform( -4.37114e-008, 0, 1, 0, 1, 0, -1, 0, -4.37114e-008, -0.427845, 0.545594, -15.4945 )

[node name="Wall_Piece_8" parent="Wall5" instance=ExtResource( 2 )]
transform = Transform( -4.37114e-008, 0, 1, 0, 1, 0, -1, 0, -4.37114e-008, -6.65229, 0.545594, -15.4945 )

[node name="Wall_Piece_9" parent="Wall5" instance=ExtResource( 2 )]
transform = Transform( -4.37114e-008, 0, 1, 0, 1, 0, -1, 0, -4.37114e-008, -12.876, 0.545594, -15.4945 )

[node name="Wall2" type="Spatial" parent="."]
editor/display_folded = true

[node name="Wall_Piece_1" parent="Wall2" instance=ExtResource( 1 )]
transform = Transform( 1, 0, 0, 0, 1, 0, 0, 0, 1, -14.4286, 0.5428, -12.8967 )

[node name="Wall_Piece_3" parent="Wall2" instance=ExtResource( 1 )]
transform = Transform( 1, 0, 0, 0, 1, 0, 0, 0, 1, -14.4286, 0.5428, -6.67684 )

[node name="Wall_Piece_6" parent="Wall2" instance=ExtResource( 1 )]
transform = Transform( 1, 0, 0, 0, 1, 0, 0, 0, 1, -14.4286, 0.5428, -0.461719 )

[node name="Wall_Piece_8" parent="Wall2" instance=ExtResource( 1 )]
transform = Transform( 1, 0, 0, 0, 1, 0, 0, 0, 1, -14.4286, 0.5428, 5.75665 )

[node name="Wall_Piece_9" parent="Wall2" instance=ExtResource( 1 )]
transform = Transform( 1, 0, 0, 0, 1, 0, 0, 0, 1, -14.4286, 0.5428, 11.9846 )

[node name="Wall_Piece_2" parent="Wall2" instance=ExtResource( 2 )]
transform = Transform( 1, 0, 0, 0, 1, 0, 0, 0, 1, -14.429, 0.543, -10.8219 )

[node name="Wall_Piece_4" parent="Wall2" instance=ExtResource( 2 )]
transform = Transform( 1, 0, 0, 0, 1, 0, 0, 0, 1, -14.429, 0.543, -4.60199 )

[node name="Wall_Piece_5" parent="Wall2" instance=ExtResource( 2 )]
transform = Transform( 1, 0, 0, 0, 1, 0, 0, 0, 1, -14.429, 0.543, 1.61313 )

[node name="Wall_Piece_7" parent="Wall2" instance=ExtResource( 2 )]
transform = Transform( 1, 0, 0, 0, 1, 0, 0, 0, 1, -14.429, 0.543, 7.83149 )

[node name="Wall_Piece_10" parent="Wall2" instance=ExtResource( 2 )]
transform = Transform( 1, 0, 0, 0, 1, 0, 0, 0, 1, -14.429, 0.543, 14.0594 )

[node name="Wall6" type="Spatial" parent="."]
editor/display_folded = true
transform = Transform( 1, 0, 0, 0, 1, 0, 0, 0, 1, 0, 7.52916, 0 )

[node name="Wall_Piece_1" parent="Wall6" instance=ExtResource( 1 )]
transform = Transform( 1, 0, 0, 0, 1, 0, 0, 0, 1, -14.4286, 0.5428, -12.8967 )

[node name="Wall_Piece_3" parent="Wall6" instance=ExtResource( 1 )]
transform = Transform( 1, 0, 0, 0, 1, 0, 0, 0, 1, -14.4286, 0.5428, -6.67684 )

[node name="Wall_Piece_6" parent="Wall6" instance=ExtResource( 1 )]
transform = Transform( 1, 0, 0, 0, 1, 0, 0, 0, 1, -14.4286, 0.5428, -0.461719 )

[node name="Wall_Piece_8" parent="Wall6" instance=ExtResource( 1 )]
transform = Transform( 1, 0, 0, 0, 1, 0, 0, 0, 1, -14.4286, 0.5428, 5.75665 )

[node name="Wall_Piece_9" parent="Wall6" instance=ExtResource( 1 )]
transform = Transform( 1, 0, 0, 0, 1, 0, 0, 0, 1, -14.4286, 0.5428, 11.9846 )

[node name="Wall_Piece_2" parent="Wall6" instance=ExtResource( 2 )]
transform = Transform( 1, 0, 0, 0, 1, 0, 0, 0, 1, -14.429, 0.543, -10.8219 )

[node name="Wall_Piece_4" parent="Wall6" instance=ExtResource( 2 )]
transform = Transform( 1, 0, 0, 0, 1, 0, 0, 0, 1, -14.429, 0.543, -4.60199 )

[node name="Wall_Piece_5" parent="Wall6" instance=ExtResource( 2 )]
transform = Transform( 1, 0, 0, 0, 1, 0, 0, 0, 1, -14.429, 0.543, 1.61313 )

[node name="Wall_Piece_7" parent="Wall6" instance=ExtResource( 2 )]
transform = Transform( 1, 0, 0, 0, 1, 0, 0, 0, 1, -14.429, 0.543, 7.83149 )

[node name="Wall_Piece_10" parent="Wall6" instance=ExtResource( 2 )]
transform = Transform( 1, 0, 0, 0, 1, 0, 0, 0, 1, -14.429, 0.543, 14.0594 )

[node name="Wall3" type="Spatial" parent="."]
editor/display_folded = true
transform = Transform( -4.37114e-008, 0, 1, 0, 1, 0, -1, 0, -4.37114e-008, 1.12161, 0, 1.10604 )

[node name="Wall_Piece_1" parent="Wall3" instance=ExtResource( 1 )]
transform = Transform( 1, 0, 0, 0, 1, 0, 0, 0, 1, -14.4286, 0.5428, -12.8967 )

[node name="Wall_Piece_3" parent="Wall3" instance=ExtResource( 1 )]
transform = Transform( 1, 0, 0, 0, 1, 0, 0, 0, 1, -14.4286, 0.5428, -6.67684 )

[node name="Wall_Piece_6" parent="Wall3" instance=ExtResource( 1 )]
transform = Transform( 1, 0, 0, 0, 1, 0, 0, 0, 1, -14.4286, 0.5428, -0.461719 )

[node name="Wall_Piece_8" parent="Wall3" instance=ExtResource( 1 )]
transform = Transform( 1, 0, 0, 0, 1, 0, 0, 0, 1, -14.4286, 0.5428, 5.75665 )

[node name="Wall_Piece_9" parent="Wall3" instance=ExtResource( 1 )]
transform = Transform( 1, 0, 0, 0, 1, 0, 0, 0, 1, -14.4286, 0.5428, 11.9846 )

[node name="Wall_Piece_2" parent="Wall3" instance=ExtResource( 2 )]
transform = Transform( 1, 0, 0, 0, 1, 0, 0, 0, 1, -14.429, 0.543, -10.8219 )

[node name="Wall_Piece_4" parent="Wall3" instance=ExtResource( 2 )]
transform = Transform( 1, 0, 0, 0, 1, 0, 0, 0, 1, -14.429, 0.543, -4.60199 )

[node name="Wall_Piece_5" parent="Wall3" instance=ExtResource( 2 )]
transform = Transform( 1, 0, 0, 0, 1, 0, 0, 0, 1, -14.429, 0.543, 1.61313 )

[node name="Wall_Piece_7" parent="Wall3" instance=ExtResource( 2 )]
transform = Transform( 1, 0, 0, 0, 1, 0, 0, 0, 1, -14.429, 0.543, 7.83149 )

[node name="Wall7" type="Spatial" parent="."]
editor/display_folded = true
transform = Transform( -4.37114e-008, 0, 1, 0, 1, 0, -1, 0, -4.37114e-008, 1.12161, 7.52139, 1.10604 )

[node name="Wall_Piece_1" parent="Wall7" instance=ExtResource( 1 )]
transform = Transform( 1, 0, 0, 0, 1, 0, 0, 0, 1, -14.4286, 0.5428, -12.8967 )

[node name="Wall_Piece_3" parent="Wall7" instance=ExtResource( 1 )]
transform = Transform( 1, 0, 0, 0, 1, 0, 0, 0, 1, -14.4286, 0.5428, -6.67684 )

[node name="Wall_Piece_6" parent="Wall7" instance=ExtResource( 1 )]
transform = Transform( 1, 0, 0, 0, 1, 0, 0, 0, 1, -14.4286, 0.5428, -0.461719 )

[node name="Wall_Piece_8" parent="Wall7" instance=ExtResource( 1 )]
transform = Transform( 1, 0, 0, 0, 1, 0, 0, 0, 1, -14.4286, 0.5428, 5.75665 )

[node name="Wall_Piece_9" parent="Wall7" instance=ExtResource( 1 )]
transform = Transform( 1, 0, 0, 0, 1, 0, 0, 0, 1, -14.4286, 0.5428, 11.9846 )

[node name="Wall_Piece_2" parent="Wall7" instance=ExtResource( 2 )]
transform = Transform( 1, 0, 0, 0, 1, 0, 0, 0, 1, -14.429, 0.543, -10.8219 )

[node name="Wall_Piece_4" parent="Wall7" instance=ExtResource( 2 )]
transform = Transform( 1, 0, 0, 0, 1, 0, 0, 0, 1, -14.429, 0.543, -4.60199 )

[node name="Wall_Piece_5" parent="Wall7" instance=ExtResource( 2 )]
transform = Transform( 1, 0, 0, 0, 1, 0, 0, 0, 1, -14.429, 0.543, 1.61313 )

[node name="Wall_Piece_7" parent="Wall7" instance=ExtResource( 2 )]
transform = Transform( 1, 0, 0, 0, 1, 0, 0, 0, 1, -14.429, 0.543, 7.83149 )

[node name="Wall4" type="Spatial" parent="."]
editor/display_folded = true
transform = Transform( 1, 0, 0, 0, 1, 0, 0, 0, 1, 27.9852, 0, 0.0260935 )

[node name="Wall_Piece_1" parent="Wall4" instance=ExtResource( 1 )]
transform = Transform( 1, 0, 0, 0, 1, 0, 0, 0, 1, -14.4286, 0.5428, -12.8967 )

[node name="Wall_Piece_3" parent="Wall4" instance=ExtResource( 1 )]
transform = Transform( 1, 0, 0, 0, 1, 0, 0, 0, 1, -14.4286, 0.5428, -6.67684 )

[node name="Wall_Piece_6" parent="Wall4" instance=ExtResource( 1 )]
transform = Transform( 1, 0, 0, 0, 1, 0, 0, 0, 1, -14.4286, 0.5428, -0.461719 )

[node name="Wall_Piece_8" parent="Wall4" instance=ExtResource( 1 )]
transform = Transform( 1, 0, 0, 0, 1, 0, 0, 0, 1, -14.4286, 0.5428, 5.75665 )

[node name="Wall_Piece_9" parent="Wall4" instance=ExtResource( 1 )]
transform = Transform( 1, 0, 0, 0, 1, 0, 0, 0, 1, -14.4286, 0.5428, 11.9846 )

[node name="Wall_Piece_2" parent="Wall4" instance=ExtResource( 2 )]
transform = Transform( 1, 0, 0, 0, 1, 0, 0, 0, 1, -14.429, 0.543, -10.8219 )

[node name="Wall_Piece_4" parent="Wall4" instance=ExtResource( 2 )]
transform = Transform( 1, 0, 0, 0, 1, 0, 0, 0, 1, -14.429, 0.543, -4.60199 )

[node name="Wall_Piece_5" parent="Wall4" instance=ExtResource( 2 )]
transform = Transform( 1, 0, 0, 0, 1, 0, 0, 0, 1, -14.429, 0.543, 1.61313 )

[node name="Wall_Piece_7" parent="Wall4" instance=ExtResource( 2 )]
transform = Transform( 1, 0, 0, 0, 1, 0, 0, 0, 1, -14.429, 0.543, 7.83149 )

[node name="Wall_Piece_10" parent="Wall4" instance=ExtResource( 2 )]
transform = Transform( 1, 0, 0, 0, 1, 0, 0, 0, 1, -14.429, 0.543, 14.0594 )

[node name="Wall8" type="Spatial" parent="."]
editor/display_folded = true
transform = Transform( 1, 0, 0, 0, 1, 0, 0, 0, 1, 27.9852, 7.53566, 0.0260935 )

[node name="Wall_Piece_1" parent="Wall8" instance=ExtResource( 1 )]
transform = Transform( 1, 0, 0, 0, 1, 0, 0, 0, 1, -14.4286, 0.5428, -12.8967 )

[node name="Wall_Piece_3" parent="Wall8" instance=ExtResource( 1 )]
transform = Transform( 1, 0, 0, 0, 1, 0, 0, 0, 1, -14.4286, 0.5428, -6.67684 )

[node name="Wall_Piece_6" parent="Wall8" instance=ExtResource( 1 )]
transform = Transform( 1, 0, 0, 0, 1, 0, 0, 0, 1, -14.4286, 0.5428, -0.461719 )

[node name="Wall_Piece_8" parent="Wall8" instance=ExtResource( 1 )]
transform = Transform( 1, 0, 0, 0, 1, 0, 0, 0, 1, -14.4286, 0.5428, 5.75665 )

[node name="Wall_Piece_9" parent="Wall8" instance=ExtResource( 1 )]
transform = Transform( 1, 0, 0, 0, 1, 0, 0, 0, 1, -14.4286, 0.5428, 11.9846 )

[node name="Wall_Piece_2" parent="Wall8" instance=ExtResource( 2 )]
transform = Transform( 1, 0, 0, 0, 1, 0, 0, 0, 1, -14.429, 0.543, -10.8219 )

[node name="Wall_Piece_4" parent="Wall8" instance=ExtResource( 2 )]
transform = Transform( 1, 0, 0, 0, 1, 0, 0, 0, 1, -14.429, 0.543, -4.60199 )

[node name="Wall_Piece_5" parent="Wall8" instance=ExtResource( 2 )]
transform = Transform( 1, 0, 0, 0, 1, 0, 0, 0, 1, -14.429, 0.543, 1.61313 )

[node name="Wall_Piece_7" parent="Wall8" instance=ExtResource( 2 )]
transform = Transform( 1, 0, 0, 0, 1, 0, 0, 0, 1, -14.429, 0.543, 7.83149 )

[node name="Wall_Piece_10" parent="Wall8" instance=ExtResource( 2 )]
transform = Transform( 1, 0, 0, 0, 1, 0, 0, 0, 1, -14.429, 0.543, 14.0594 )

[node name="Floor_Tile_4x4" parent="." instance=ExtResource( 3 )]
transform = Transform( -4.37114e-008, 0, -1, 0, 1, 0, 1, 0, -4.37114e-008, 3.44902, 0.0754118, 8.40069 )

[node name="Floor_Tile_4x9" parent="." instance=ExtResource( 3 )]
transform = Transform( -4.37114e-008, 0, -1, 0, 1, 0, 1, 0, -4.37114e-008, 3.44902, 0.0754118, 0.205774 )

[node name="Floor_Tile_4x12" parent="." instance=ExtResource( 3 )]
transform = Transform( -4.37114e-008, 0, -1, 0, 1, 0, 1, 0, -4.37114e-008, 3.44902, 0.0754118, -7.99517 )

[node name="Floor_Tile_4x5" parent="." instance=ExtResource( 3 )]
transform = Transform( -4.37114e-008, 0, -1, 0, 1, 0, 1, 0, -4.37114e-008, -4.75557, 0.0754118, 8.40069 )

[node name="Floor_Tile_4x8" parent="." instance=ExtResource( 3 )]
transform = Transform( -4.37114e-008, 0, -1, 0, 1, 0, 1, 0, -4.37114e-008, -4.75557, 0.0754118, 0.205774 )

[node name="Floor_Tile_4x11" parent="." instance=ExtResource( 3 )]
transform = Transform( -4.37114e-008, 0, -1, 0, 1, 0, 1, 0, -4.37114e-008, -4.75557, 0.0754118, -7.99517 )

[node name="Floor_Tile_4x6" parent="." instance=ExtResource( 3 )]
transform = Transform( -4.37114e-008, 0, -1, 0, 1, 0, 1, 0, -4.37114e-008, -12.9559, 0.0754118, 8.40069 )

[node name="Floor_Tile_4x7" parent="." instance=ExtResource( 3 )]
transform = Transform( -4.37114e-008, 0, -1, 0, 1, 0, 1, 0, -4.37114e-008, -12.9559, 0.0754118, 0.205774 )

[node name="Floor_Tile_4x10" parent="." instance=ExtResource( 3 )]
transform = Transform( -4.37114e-008, 0, -1, 0, 1, 0, 1, 0, -4.37114e-008, -12.9559, 0.0754118, -7.99517 )

[node name="Floor_Tile_1x4" parent="." instance=ExtResource( 4 )]
transform = Transform( 1, 8.74228e-008, 8.74228e-008, 8.74228e-008, -1, 7.64274e-015, 8.74228e-008, 0, -1, 3.43443, 0.0833464, -10.042 )

[node name="Floor_Tile_1x7" parent="." instance=ExtResource( 4 )]
transform = Transform( 1, 8.74228e-008, 8.74228e-008, 8.74228e-008, -1, 7.64274e-015, 8.74228e-008, 0, -1, -4.7652, 0.0833457, -10.042 )

[node name="Floor_Tile_1x11" parent="." instance=ExtResource( 4 )]
transform = Transform( 1, 8.74228e-008, 8.74228e-008, 8.74228e-008, -1, 7.64274e-015, 8.74228e-008, 0, -1, -12.9561, 0.0833449, -10.042 )

[node name="Floor_Tile_1x5" parent="." instance=ExtResource( 4 )]
transform = Transform( 1, 8.74228e-008, 8.74228e-008, 8.74228e-008, -1, 7.64274e-015, 8.74228e-008, 0, -1, 3.43443, 0.0833464, -12.0901 )

[node name="Floor_Tile_1x9" parent="." instance=ExtResource( 4 )]
transform = Transform( 1, 8.74228e-008, 8.74228e-008, 8.74228e-008, -1, 7.64274e-015, 8.74228e-008, 0, -1, -4.7652, 0.0833457, -12.0901 )

[node name="Floor_Tile_1x12" parent="." instance=ExtResource( 4 )]
transform = Transform( 1, 8.74228e-008, 8.74228e-008, 8.74228e-008, -1, 7.64274e-015, 8.74228e-008, 0, -1, -12.9561, 0.0833449, -12.0901 )

[node name="Floor_Tile_1x6" parent="." instance=ExtResource( 4 )]
transform = Transform( 1, 8.74228e-008, 8.74228e-008, 8.74228e-008, -1, 7.64274e-015, 8.74228e-008, 0, -1, 3.42837, 0.0831308, -14.1344 )

[node name="Floor_Tile_1x13" parent="." instance=ExtResource( 4 )]
transform = Transform( 4.37114e-008, -3.82137e-015, -1, 8.74228e-008, -1, 7.64274e-015, -1, -8.74228e-008, -4.37114e-008, 11.645, 0.0831308, -1.83795 )

[node name="Floor_Tile_1x17" parent="." instance=ExtResource( 4 )]
transform = Transform( 1.29477e-008, -1.13192e-015, -0.296208, 8.74228e-008, -1, 7.64274e-015, -1, -8.74228e-008, -4.37114e-008, 12.9906, 0.0831308, -1.83795 )

[node name="Floor_Tile_1x8" parent="." instance=ExtResource( 4 )]
transform = Transform( 1, 8.74228e-008, 8.74228e-008, 8.74228e-008, -1, 7.64274e-015, 8.74228e-008, 0, -1, -4.77126, 0.0831301, -14.1344 )

[node name="Floor_Tile_1x15" parent="." instance=ExtResource( 4 )]
transform = Transform( 4.37114e-008, -3.82137e-015, -1, 8.74228e-008, -1, 7.64274e-015, -1, -8.74228e-008, -4.37114e-008, 11.645, 0.0831301, 6.36169 )

[node name="Floor_Tile_1x18" parent="." instance=ExtResource( 4 )]
transform = Transform( 1.29477e-008, -1.13192e-015, -0.296208, 8.74228e-008, -1, 7.64274e-015, -1, -8.74228e-008, -4.37114e-008, 12.9906, 0.0831301, 6.36169 )

[node name="Floor_Tile_1x10" parent="." instance=ExtResource( 4 )]
transform = Transform( 1, 8.74228e-008, 8.74228e-008, 8.74228e-008, -1, 7.64274e-015, 8.74228e-008, 0, -1, -12.9622, 0.0831294, -14.1344 )

[node name="Floor_Tile_1x14" parent="." instance=ExtResource( 4 )]
transform = Transform( 4.37114e-008, -3.82137e-015, -1, 8.74228e-008, -1, 7.64274e-015, -1, -8.74228e-008, -4.37114e-008, 11.645, 0.0831294, 14.5526 )

[node name="Floor_Tile_1x16" parent="." instance=ExtResource( 4 )]
transform = Transform( 1.29477e-008, -1.13192e-015, -0.296208, 8.74228e-008, -1, 7.64274e-015, -1, -8.74228e-008, -4.37114e-008, 12.9906, 0.0831294, 14.5526 )

[node name="Floor_Tile_1x1" parent="." instance=ExtResource( 5 )]
transform = Transform( 1, 0, 0, 0, 1, 0, 0, 0, 1, 11.6277, 0.0871697, -10.0341 )

[node name="Floor_Tile_1x20" parent="." instance=ExtResource( 5 )]
transform = Transform( 0.557104, 0, 0, 0, 1, 0, 0, 0, 1, 13.2285, 0.0871697, -10.0341 )

[node name="Floor_Tile_1x2" parent="." instance=ExtResource( 5 )]
transform = Transform( 1, 0, 0, 0, 1, 0, 0, 0, 1, 11.6277, 0.0871697, -12.0768 )

[node name="Floor_Tile_1x21" parent="." instance=ExtResource( 5 )]
transform = Transform( 0.557104, 0, 0, 0, 1, 0, 0, 0, 1, 13.2285, 0.0871697, -12.0768 )

[node name="Floor_Tile_1x3" parent="." instance=ExtResource( 5 )]
transform = Transform( 1, 0, 0, 0, 1, 0, 0, 0, 1, 11.6277, 0.0871697, -14.1343 )

[node name="Floor_Tile_1x19" parent="." instance=ExtResource( 5 )]
transform = Transform( 0.557104, 0, 0, 0, 1, 0, 0, 0, 1, 13.2285, 0.0871697, -14.1343 )
